@Comment А вот так оформляется библиография при помощи BibTeX.

@Book{metodRomanova,
  author =		 {Вишневская, Т. И. and Романова, Т. Н.},
  title = 		 {Технология программирования : метод. указания к лаб. практикуму},
  publisher = 	 {МГТУ им. Н. Э. Баумана. - М. : Изд-во МГТУ им. Н. Э. Баумана},
  year = 		 {2010},
  pages = 46,
  language =     "russian"
}

@Book{metodKKrishenko,
  author =		 {Крищенко, В.А.},
  title = 		 {Распределённые системы обработки информации
Указания по курсовому проектированию},
  publisher = 	 {МГТУ им. Н. Э. Баумана. - М. : Изд-во МГТУ им. Н. Э. Баумана},
  year = 		 {2012},
  pages = 18,
  language =     "russian"
}


